@article{Vemuri_2010,
  doi = {10.1186/alzrt47},
  url = {http://dx.doi.org/10.1186/alzrt47},
  year = {2010},
  publisher = {Springer Nature},
  volume = {2},
  number = {4},
  pages = {23},
  author = {Prashanthi Vemuri and Clifford R Jack},
  title = {{Role of structural {MRI} in Alzheimer{\textquotesingle}s disease}},
  journal = {Alzheimers Res Ther},
}


@article{Silvia_Mangia_2013,
  doi = {10.4172/2161-0460.s1-001},
  url = {http://dx.doi.org/10.4172/2161-0460.s1-001},
  year = {2013},
  publisher = {{OMICS} Publishing Group},
  volume = {03},
  number = {03},
  author = {Paul J Tuite Silvia Mangia},
  title = {{Magnetic Resonance Imaging ({MRI}) in Parkinson$\prime$s Disease}},
  journal = {Journal of Alzheimer's Disease {\&} Parkinsonism},
}
